commodity BETA  ; lots: LIFO

2023-01-05 buy emp-act-000011
    assets:empirical:lifo:asset-beta  1 BETA {2023-01-05, "emp-act-000011", $13}
    assets:cash:USD  -$13

2023-01-05 buy emp-act-000012
    assets:empirical:lifo:asset-beta  2 BETA {2023-01-05, "emp-act-000012", $15}
    assets:cash:USD  -$30

2023-01-05 sell emp-act-000013
    assets:empirical:lifo:asset-beta  -1 BETA {} @ $17  ; posting_source_id: emp-act-000013
    assets:cash:USD  $17

2023-03-10 buy emp-act-000014
    assets:empirical:lifo:asset-beta  3 BETA {2023-03-10, "emp-act-000014", $3.3333333333333333}
    assets:cash:USD  -$10

2023-04-15 sell emp-act-000015
    assets:empirical:lifo:asset-beta  -1 BETA {} @ $12  ; posting_source_id: emp-act-000015
    assets:cash:USD  $12

2023-06-20 buy emp-act-000016
    assets:empirical:lifo:asset-beta  1 BETA {2023-06-20, "emp-act-000016", $17}
    assets:cash:USD  -$17

2023-07-25 sell emp-act-000017
    assets:empirical:lifo:asset-beta  -2 BETA {} @ $13.5  ; posting_source_id: emp-act-000017
    assets:cash:USD  $27

2023-09-01 buy emp-act-000018
    assets:empirical:lifo:asset-beta  1 BETA {2023-09-01, "emp-act-000018", $19}
    assets:cash:USD  -$19

2023-09-01 sell emp-act-000019
    assets:empirical:lifo:asset-beta  -1 BETA {} @ $19  ; posting_source_id: emp-act-000019
    assets:cash:USD  $19

2023-11-05 buy emp-act-000020
    assets:empirical:lifo:asset-beta  1 BETA {2023-11-05, "emp-act-000020", $16}
    assets:cash:USD  -$16

2024-01-05 buy emp-act-000061
    assets:empirical:lifo:asset-beta  1 BETA {2024-01-05, "emp-act-000061", $20}
    assets:cash:USD  -$20

2024-01-05 buy emp-act-000062
    assets:empirical:lifo:asset-beta  2 BETA {2024-01-05, "emp-act-000062", $22}
    assets:cash:USD  -$44

2024-01-05 sell emp-act-000063
    assets:empirical:lifo:asset-beta  -1 BETA {} @ $24  ; posting_source_id: emp-act-000063
    assets:cash:USD  $24

2024-03-10 buy emp-act-000064
    assets:empirical:lifo:asset-beta  3 BETA {2024-03-10, "emp-act-000064", $3.3333333333333333}
    assets:cash:USD  -$10

2024-04-15 sell emp-act-000065
    assets:empirical:lifo:asset-beta  -1 BETA {} @ $19  ; posting_source_id: emp-act-000065
    assets:cash:USD  $19

2024-06-20 buy emp-act-000066
    assets:empirical:lifo:asset-beta  1 BETA {2024-06-20, "emp-act-000066", $24}
    assets:cash:USD  -$24

2024-07-25 sell emp-act-000067
    assets:empirical:lifo:asset-beta  -2 BETA {} @ $20.5  ; posting_source_id: emp-act-000067
    assets:cash:USD  $41
