commodity DELTA  ; lots: AVERAGE
commodity GAMMA  ; lots: AVERAGE

2023-01-05 buy emp-act-000031
    assets:empirical:scope-local-hybrid:fallback:asset-delta  1 DELTA {2023-01-05, "emp-act-000031", $19}
    assets:cash:USD  -$19

2023-01-05 buy emp-act-000032
    assets:empirical:scope-local-hybrid:fallback:asset-delta  2 DELTA {2023-01-05, "emp-act-000032", $21}
    assets:cash:USD  -$42

2023-01-05 sell emp-act-000033
    assets:empirical:scope-local-hybrid:fallback:asset-delta  -1 DELTA {} @ $23  ; posting_source_id: emp-act-000033
    assets:cash:USD  $23

2023-01-05 buy emp-act-000021
    assets:empirical:scope-local-hybrid:fallback:asset-gamma  1 GAMMA {2023-01-05, "emp-act-000021", $16}
    assets:cash:USD  -$16

2023-01-05 buy emp-act-000022
    assets:empirical:scope-local-hybrid:fallback:asset-gamma  2 GAMMA {2023-01-05, "emp-act-000022", $18}
    assets:cash:USD  -$36

2023-01-05 sell emp-act-000023
    assets:empirical:scope-local-hybrid:fallback:asset-gamma  -1 GAMMA {} @ $20  ; posting_source_id: emp-act-000023
    assets:cash:USD  $20

2023-03-10 buy emp-act-000034
    assets:empirical:scope-local-hybrid:fallback:asset-delta  3 DELTA {2023-03-10, "emp-act-000034", $3.3333333333333333}
    assets:cash:USD  -$10

2023-03-10 buy emp-act-000024
    assets:empirical:scope-local-hybrid:fallback:asset-gamma  3 GAMMA {2023-03-10, "emp-act-000024", $3.3333333333333333}
    assets:cash:USD  -$10

2023-04-15 sell emp-act-000035
    assets:empirical:scope-local-hybrid:fallback:asset-delta  -1 DELTA {} @ $18  ; posting_source_id: emp-act-000035
    assets:cash:USD  $18

2023-04-15 sell emp-act-000025
    assets:empirical:scope-local-hybrid:fallback:asset-gamma  -1 GAMMA {} @ $15  ; posting_source_id: emp-act-000025
    assets:cash:USD  $15

2023-06-20 buy emp-act-000036
    assets:empirical:scope-local-hybrid:fallback:asset-delta  1 DELTA {2023-06-20, "emp-act-000036", $23}
    assets:cash:USD  -$23

2023-06-20 buy emp-act-000026
    assets:empirical:scope-local-hybrid:fallback:asset-gamma  1 GAMMA {2023-06-20, "emp-act-000026", $20}
    assets:cash:USD  -$20

2023-07-25 sell emp-act-000037
    assets:empirical:scope-local-hybrid:fallback:asset-delta  -2 DELTA {} @ $19.5  ; posting_source_id: emp-act-000037
    assets:cash:USD  $39

2023-07-25 sell emp-act-000027
    assets:empirical:scope-local-hybrid:fallback:asset-gamma  -2 GAMMA {} @ $16.5  ; posting_source_id: emp-act-000027
    assets:cash:USD  $33

2023-09-01 buy emp-act-000038
    assets:empirical:scope-local-hybrid:fallback:asset-delta  1 DELTA {2023-09-01, "emp-act-000038", $25}
    assets:cash:USD  -$25

2023-09-01 sell emp-act-000039
    assets:empirical:scope-local-hybrid:fallback:asset-delta  -1 DELTA {} @ $25  ; posting_source_id: emp-act-000039
    assets:cash:USD  $25

2023-09-01 buy emp-act-000028
    assets:empirical:scope-local-hybrid:fallback:asset-gamma  1 GAMMA {2023-09-01, "emp-act-000028", $22}
    assets:cash:USD  -$22

2023-09-01 sell emp-act-000029
    assets:empirical:scope-local-hybrid:fallback:asset-gamma  -1 GAMMA {} @ $22  ; posting_source_id: emp-act-000029
    assets:cash:USD  $22

2023-11-05 buy emp-act-000040
    assets:empirical:scope-local-hybrid:fallback:asset-delta  1 DELTA {2023-11-05, "emp-act-000040", $22}
    assets:cash:USD  -$22

2023-11-05 buy emp-act-000030
    assets:empirical:scope-local-hybrid:fallback:asset-gamma  1 GAMMA {2023-11-05, "emp-act-000030", $19}
    assets:cash:USD  -$19

2024-01-05 buy emp-act-000081
    assets:empirical:scope-local-hybrid:fallback:asset-delta  1 DELTA {2024-01-05, "emp-act-000081", $26}
    assets:cash:USD  -$26

2024-01-05 buy emp-act-000082
    assets:empirical:scope-local-hybrid:fallback:asset-delta  2 DELTA {2024-01-05, "emp-act-000082", $28}
    assets:cash:USD  -$56

2024-01-05 sell emp-act-000083
    assets:empirical:scope-local-hybrid:fallback:asset-delta  -1 DELTA {} @ $30  ; posting_source_id: emp-act-000083
    assets:cash:USD  $30

2024-01-05 buy emp-act-000071
    assets:empirical:scope-local-hybrid:fallback:asset-gamma  1 GAMMA {2024-01-05, "emp-act-000071", $23}
    assets:cash:USD  -$23

2024-01-05 buy emp-act-000072
    assets:empirical:scope-local-hybrid:fallback:asset-gamma  2 GAMMA {2024-01-05, "emp-act-000072", $25}
    assets:cash:USD  -$50

2024-01-05 sell emp-act-000073
    assets:empirical:scope-local-hybrid:fallback:asset-gamma  -1 GAMMA {} @ $27  ; posting_source_id: emp-act-000073
    assets:cash:USD  $27

2024-03-10 buy emp-act-000084
    assets:empirical:scope-local-hybrid:fallback:asset-delta  3 DELTA {2024-03-10, "emp-act-000084", $3.3333333333333333}
    assets:cash:USD  -$10

2024-03-10 buy emp-act-000074
    assets:empirical:scope-local-hybrid:fallback:asset-gamma  3 GAMMA {2024-03-10, "emp-act-000074", $3.3333333333333333}
    assets:cash:USD  -$10

2024-04-15 sell emp-act-000075
    assets:empirical:scope-local-hybrid:fallback:asset-gamma  -1 GAMMA {} @ $22  ; posting_source_id: emp-act-000075
    assets:cash:USD  $22

2024-06-20 buy emp-act-000076
    assets:empirical:scope-local-hybrid:fallback:asset-gamma  1 GAMMA {2024-06-20, "emp-act-000076", $27}
    assets:cash:USD  -$27
