commodity ALPHA  ; lots: FIFO

2023-01-05 buy emp-act-000001
    assets:empirical:fifo:asset-alpha  1 ALPHA {2023-01-05, "emp-act-000001", $10}
    assets:cash:USD  -$10

2023-01-05 buy emp-act-000002
    assets:empirical:fifo:asset-alpha  2 ALPHA {2023-01-05, "emp-act-000002", $12}
    assets:cash:USD  -$24

2023-01-05 sell emp-act-000003
    assets:empirical:fifo:asset-alpha  -1 ALPHA {} @ $14  ; posting_source_id: emp-act-000003
    assets:cash:USD  $14

2023-03-10 buy emp-act-000004
    assets:empirical:fifo:asset-alpha  3 ALPHA {2023-03-10, "emp-act-000004", $3.3333333333333333}
    assets:cash:USD  -$10

2023-04-15 sell emp-act-000005
    assets:empirical:fifo:asset-alpha  -1 ALPHA {} @ $9  ; posting_source_id: emp-act-000005
    assets:cash:USD  $9

2023-06-20 buy emp-act-000006
    assets:empirical:fifo:asset-alpha  1 ALPHA {2023-06-20, "emp-act-000006", $14}
    assets:cash:USD  -$14

2023-07-25 sell emp-act-000007
    assets:empirical:fifo:asset-alpha  -2 ALPHA {} @ $10.5  ; posting_source_id: emp-act-000007
    assets:cash:USD  $21

2023-09-01 buy emp-act-000008
    assets:empirical:fifo:asset-alpha  1 ALPHA {2023-09-01, "emp-act-000008", $16}
    assets:cash:USD  -$16

2023-09-01 sell emp-act-000009
    assets:empirical:fifo:asset-alpha  -1 ALPHA {} @ $16  ; posting_source_id: emp-act-000009
    assets:cash:USD  $16

2023-11-05 buy emp-act-000010
    assets:empirical:fifo:asset-alpha  1 ALPHA {2023-11-05, "emp-act-000010", $13}
    assets:cash:USD  -$13

2024-01-05 buy emp-act-000051
    assets:empirical:fifo:asset-alpha  1 ALPHA {2024-01-05, "emp-act-000051", $17}
    assets:cash:USD  -$17

2024-01-05 buy emp-act-000052
    assets:empirical:fifo:asset-alpha  2 ALPHA {2024-01-05, "emp-act-000052", $19}
    assets:cash:USD  -$38

2024-01-05 sell emp-act-000053
    assets:empirical:fifo:asset-alpha  -1 ALPHA {} @ $21  ; posting_source_id: emp-act-000053
    assets:cash:USD  $21

2024-03-10 buy emp-act-000054
    assets:empirical:fifo:asset-alpha  3 ALPHA {2024-03-10, "emp-act-000054", $3.3333333333333333}
    assets:cash:USD  -$10

2024-04-15 sell emp-act-000055
    assets:empirical:fifo:asset-alpha  -1 ALPHA {} @ $16  ; posting_source_id: emp-act-000055
    assets:cash:USD  $16
