commodity DELTA  ; lots: AVERAGE

2023-01-05 buy emp-act-000031
    assets:empirical:average-cost:asset-delta  1 DELTA {2023-01-05, "emp-act-000031", $19}
    assets:cash:USD  -$19

2023-01-05 buy emp-act-000032
    assets:empirical:average-cost:asset-delta  2 DELTA {2023-01-05, "emp-act-000032", $21}
    assets:cash:USD  -$42

2023-01-05 sell emp-act-000033
    assets:empirical:average-cost:asset-delta  -1 DELTA {} @ $23  ; posting_source_id: emp-act-000033
    assets:cash:USD  $23

2023-03-10 buy emp-act-000034
    assets:empirical:average-cost:asset-delta  3 DELTA {2023-03-10, "emp-act-000034", $3.3333333333333333}
    assets:cash:USD  -$10

2023-04-15 sell emp-act-000035
    assets:empirical:average-cost:asset-delta  -1 DELTA {} @ $18  ; posting_source_id: emp-act-000035
    assets:cash:USD  $18

2023-06-20 buy emp-act-000036
    assets:empirical:average-cost:asset-delta  1 DELTA {2023-06-20, "emp-act-000036", $23}
    assets:cash:USD  -$23

2023-07-25 sell emp-act-000037
    assets:empirical:average-cost:asset-delta  -2 DELTA {} @ $19.5  ; posting_source_id: emp-act-000037
    assets:cash:USD  $39

2023-09-01 buy emp-act-000038
    assets:empirical:average-cost:asset-delta  1 DELTA {2023-09-01, "emp-act-000038", $25}
    assets:cash:USD  -$25

2023-09-01 sell emp-act-000039
    assets:empirical:average-cost:asset-delta  -1 DELTA {} @ $25  ; posting_source_id: emp-act-000039
    assets:cash:USD  $25

2023-11-05 buy emp-act-000040
    assets:empirical:average-cost:asset-delta  1 DELTA {2023-11-05, "emp-act-000040", $22}
    assets:cash:USD  -$22

2024-01-05 buy emp-act-000081
    assets:empirical:average-cost:asset-delta  1 DELTA {2024-01-05, "emp-act-000081", $26}
    assets:cash:USD  -$26

2024-01-05 buy emp-act-000082
    assets:empirical:average-cost:asset-delta  2 DELTA {2024-01-05, "emp-act-000082", $28}
    assets:cash:USD  -$56

2024-01-05 sell emp-act-000083
    assets:empirical:average-cost:asset-delta  -1 DELTA {} @ $30  ; posting_source_id: emp-act-000083
    assets:cash:USD  $30

2024-03-10 buy emp-act-000084
    assets:empirical:average-cost:asset-delta  3 DELTA {2024-03-10, "emp-act-000084", $3.3333333333333333}
    assets:cash:USD  -$10

2024-04-15 sell emp-act-000085
    assets:empirical:average-cost:asset-delta  -1 DELTA {} @ $25  ; posting_source_id: emp-act-000085
    assets:cash:USD  $25

2024-06-20 buy emp-act-000086
    assets:empirical:average-cost:asset-delta  1 DELTA {2024-06-20, "emp-act-000086", $30}
    assets:cash:USD  -$30

2024-07-25 sell emp-act-000087
    assets:empirical:average-cost:asset-delta  -2 DELTA {} @ $26.5  ; posting_source_id: emp-act-000087
    assets:cash:USD  $53

2024-09-01 buy emp-act-000088
    assets:empirical:average-cost:asset-delta  1 DELTA {2024-09-01, "emp-act-000088", $32}
    assets:cash:USD  -$32

2024-09-01 sell emp-act-000089
    assets:empirical:average-cost:asset-delta  -1 DELTA {} @ $32  ; posting_source_id: emp-act-000089
    assets:cash:USD  $32

2024-11-05 buy emp-act-000090
    assets:empirical:average-cost:asset-delta  1 DELTA {2024-11-05, "emp-act-000090", $29}
    assets:cash:USD  -$29

2025-01-05 buy emp-act-000131
    assets:empirical:average-cost:asset-delta  1 DELTA {2025-01-05, "emp-act-000131", $33}
    assets:cash:USD  -$33

2025-01-05 buy emp-act-000132
    assets:empirical:average-cost:asset-delta  2 DELTA {2025-01-05, "emp-act-000132", $35}
    assets:cash:USD  -$70

2025-01-05 sell emp-act-000133
    assets:empirical:average-cost:asset-delta  -1 DELTA {} @ $37  ; posting_source_id: emp-act-000133
    assets:cash:USD  $37

2025-03-10 buy emp-act-000134
    assets:empirical:average-cost:asset-delta  3 DELTA {2025-03-10, "emp-act-000134", $3.3333333333333333}
    assets:cash:USD  -$10

2025-04-15 sell emp-act-000135
    assets:empirical:average-cost:asset-delta  -1 DELTA {} @ $32  ; posting_source_id: emp-act-000135
    assets:cash:USD  $32

2025-06-20 buy emp-act-000136
    assets:empirical:average-cost:asset-delta  1 DELTA {2025-06-20, "emp-act-000136", $37}
    assets:cash:USD  -$37

2025-07-25 sell emp-act-000137
    assets:empirical:average-cost:asset-delta  -2 DELTA {} @ $33.5  ; posting_source_id: emp-act-000137
    assets:cash:USD  $67

2025-09-01 buy emp-act-000138
    assets:empirical:average-cost:asset-delta  1 DELTA {2025-09-01, "emp-act-000138", $39}
    assets:cash:USD  -$39

2025-09-01 sell emp-act-000139
    assets:empirical:average-cost:asset-delta  -1 DELTA {} @ $39  ; posting_source_id: emp-act-000139
    assets:cash:USD  $39
